@book{Lauesen2002,
  title={Software Requirements: Styles and Techniques},
  author={Soren Lauesen},
  isbn={9780201745702},
  year={2002},
  publisher={Addison Wesley}
}

@book{Bass2012,
  title={Software Architecture in Practice},
  author={Bass, L. and Clements, P. and Kazman, R.},
  isbn={9780132942782},
  series={SEI Series in Software Engineering},
  url={https://books.google.it/books?id=-II73rBDXCYC},
  year={2012},
  publisher={Pearson Education}
}

@inproceedings{Rubin2014,
  author = {Rubin, Vladimir A. and Mitsyuk, Alexey A. and Lomazova, Irina A. and van der Aalst, Wil M. P.},
  title = {Process Mining Can Be Applied to Software Too!},
  booktitle = {8th ACM/IEEE International Symposium on Empirical Software Engineering and Measurement},
  year = {2014},
  location = {Torino, Italy},
  articleno = {57},
  publisher = {ACM},
  address = {New York, NY, USA}
} 

@misc{Dictionary1,
  author = {Dictionary.com},
  title = {Dictionary.com Unabridged},
  month = {Feb},
  day = {05},
  year = {2015},
  note = {\url{http://dictionary.reference.com/browse/process}}
}


@misc{rfc6824,
	series =	{Request for Comments},
	number =	6824,
	howpublished =	{RFC 6824},
	publisher =	{RFC Editor},
	doi =		{10.17487/RFC6824},
	url =		{https://rfc-editor.org/rfc/rfc6824.txt},
        author =	{Alan Ford and Costin Raiciu and Mark J. Handley and Olivier Bonaventure},
	title =		{{TCP Extensions for Multipath Operation with Multiple Addresses}},
	pagetotal =	64,
	year =		2013,
	month =		jan,
	abstract =	{TCP/IP communication is currently restricted to a single path per connection, yet multiple paths often exist between peers. The simultaneous use of these multiple paths for a TCP/IP session would improve resource usage within the network and, thus, improve user experience through higher throughput and improved resilience to network failure.},
}